@INPROCEEDINGS{multiProcessChallenge2019,
  author={J. P. A. {Almeida} and A. {Rutle} and M. {Wimmer} and T. {Kühne}},
  booktitle={2019 ACM/IEEE 22nd International Conference on Model Driven Engineering Languages and Systems Companion (MODELS-C)}, 
  title={The MULTI Process Challenge}, 
  year={2019},
  month = 9,
  pages={164--167},
  doi={10.1109/MODELS-C.2019.00027}
}

@misc{simf,
	title = {Semantic Modeling for Information Federation (SIMF)},
	url = {https://www.omg.org/cgi-bin/doc.cgi?ad/2011-12-10},
	author = {{Object Management Group}},
	note = {February 23$^{rd}$, 2022},
	year = {2016},
	month = 12
}

@misc{openflexo_link,
	title = {Openflexo Project. \url{https://www.openflexo.org/}},
	note = {February 23$^{rd}$, 2022},
	author = {Openflexo},
	year = {2019}
}

@inproceedings{Golra2016-federation,
  author =       {Golra, Fahad R. and Beugnard, Antoine and Dagnat,
                  Fabien and Guerin, Sylvain and Guychard, Christophe},
  title =        {{Addressing modularity for heterogeneous multi-model
                  systems using model federation}},
  booktitle =    {Companion Proc. of the Intern.
                  Conf. on Modularity},
  year =         {2016},
  pages =        {206--211},
  publisher =    {ACM},
  monthX =        3,
  url = {https://doi.org/10.1145/2892664.2892701},
  doi = {10.1145/2892664.2892701},
  isbn = {9781450340335}
}

@inproceedings{models2016-freemodel,
  author =       {Golra, Fahad R. and Beugnard, Antoine and Dagnat,
                  Fabien and Guerin, Sylvain and Guychard, Christophe},
  title =        {Using Free Modeling As an Agile Method for
                  Developing Domain Specific Modeling Languages},
  booktitle =    {Proc. of the ACM/IEEE 19th International
                  Conf. on Model Driven Engineering Languages and
                  Systems},
  series =       {MODELS '16},
  year =         {2016},
  isbn =         {978-1-4503-4321-3},
  location =     {Saint-Malo, France},
  pages =        {24--34},
  numpages =     11,
  url =          {http://doi.acm.org/10.1145/2976767.2976807},
  doi =          {10.1145/2976767.2976807},
  acmid =        2976807,
  publisher =    {ACM},
  address =      {New York, USA},
  keywords =     {agile methods, domain specific modeling, free
                  modeling, graphical DSML, lessons learnt},
}

@inproceedings{atkinson2001essence,
  title={The essence of multilevel metamodeling},
  author={Atkinson, Colin and K{\"u}hne, Thomas},
  booktitle={International Conference on the Unified Modeling Language},
  pages={19--33},
  year={2001},
  organization={Springer},
  url={https://doi.org/10.1007/3-540-45441-1_3},
  doi={10.1007/3-540-45441-1_3},
  isbn={978-3-540-45441-0}
}


%Previous solutions to the challenge
@inproceedings{deeptelos2019,
  title={DeepTelos for ConceptBase: A contribution to the MULTI process challenge},
  author={Jeusfeld, Manfred A},
  booktitle={2019 ACM/IEEE 22nd International Conference on Model Driven Engineering Languages and Systems Companion (MODELS-C)},
  pages={66--77},
  year={2019},
  organization={IEEE},
  doi={10.1109/MODELS-C.2019.00016},
  url={https://doi.org/10.1109/MODELS-C.2019.00016}
}

@inproceedings{dmla2019,
  title={Multi-level modeling with DMLA-A contribution to the MULTI Process challenge},
  author={Somogyi, Ferenc A and Mezei, Gergely and Urb{\'a}n, D{\'a}niel and Theisz, Zolt{\'a}n and B{\'a}csi, S{\'a}ndor and Palatinszky, D{\'a}niel},
  booktitle={2019 ACM/IEEE 22nd International Conference on Model Driven Engineering Languages and Systems Companion (MODELS-C)},
  pages={119--127},
  year={2019},
   doi       = {10.1109/MODELS-C.2019.00022},
  url       = {https://doi.org/10.1109/MODELS-C.2019.00022},
  publisher={IEEE}
 }
  
@inproceedings{multiecore2019,
  title={Multilevel Modelling with MultEcore: A contribution to the MULTI Process challenge},
  author={Rodr{\'i}guez, Alejandro and Mac{\'i}as, Fernando},
  booktitle={2019 ACM/IEEE 22nd International Conference on Model Driven Engineering Languages and Systems Companion (MODELS-C)},
  pages={152--163},
  year={2019},
  month     = {Sep.},
  doi       = {10.1109/MODELS-C.2019.00026},
  url = {https://doi.org/10.1109/MODELS-C.2019.00026},
  publisher={IEEE}
}

% Multi-level tools
@inproceedings{multecore2016,
    author    = {Macias Gomez de Villar, Fernando and Rutle, Adrian and Stolz, Volker},
  title     = {MultEcore: Combining the best of fixed-level and multilevel metamodelling},
  booktitle = {Proceedings of the 3rd International Workshop on Multi-Level Modelling co-located with {ACM/IEEE} 19th International Conference on Model Driven Engineering Languages {\&} Systems (MoDELS 2016), Saint-Malo, France, October 4, 2016},
  year      = {2016},
  editor    = {Colin Atkinson and Georg Grossmann and Tony Clark},
  volume    = {1722},
  series    = {{CEUR} Workshop Proceedings},
  pages     = {66--75},
  publisher = {CEUR-WS.org},
  file      = {MaciasGomezdeVillar2016_MultEcore.pdf:MaciasGomezdeVillar2016_MultEcore.pdf:PDF},
  url       = {http://hdl.handle.net/11250/2482095},
}

@inproceedings{deeptelos2016,
  title={DeepTelos: Multi-level modeling with most general instances},
  author={Jeusfeld, Manfred A and Neumayr, Bernd},
  booktitle={International Conference on Conceptual Modeling},
editor="Comyn-Wattiau, Isabelle
and Tanaka, Katsumi
and Song, Il-Yeol
and Yamamoto, Shuichiro
and Saeki, Motoshi",

  pages={198--211},
  year={2016},
  organization={Springer},
  url = {https://doi.org/10.1007/978-3-319-46397-1_15},
  doi = {10.1007/978-3-319-46397-1_15},
  isbn={978-3-319-46397-1}
}

@article{dmla2017,
  title={Formalism for static aspects of dynamic metamodeling},
  author={Urb{\'a}n, D{\'a}niel and Mezei, Gergely and Theisz, Zolt{\'a}n},
  journal={Periodica Polytechnica Electrical Engineering and Computer Science},
  volume={61},
  number={1},
  pages={34--47},
  year={2017},
  doi          = {10.3311/PPee.9547},
  url          = {https://pp.bme.hu/eecs/article/view/9547}
}

@article{lara2018refactoring,
  title={Refactoring multi-level models},
  author={Lara, Juan De and Guerra, Esther},
  journal={ACM Transactions on Software Engineering and Methodology (TOSEM)},
  volume={27},
  number={4},
  pages={1--56},
  year={2018},
  month = 11,
  keywords = {multi-level modelling, MetaDepth, Meta-modelling, model refactoring},
  url = {https://doi.org/10.1145/3280985},
  doi = {10.1145/3280985},
  publisher={ACM New York, NY, USA}
}

% Other tools

@article{telos1990,
  title={Telos: Representing knowledge about information systems},
  author={Mylopoulos, John and Borgida, Alex and Jarke, Matthias and Koubarakis, Manolis},
  journal={ACM Transactions on Information Systems (TOIS)},
  volume={8},
  number={4},
  pages={325--362},
  year={1990},
  publisher={ACM New York, NY, USA},
  url        = {https://doi.org/10.1145/102675.102676},
  doi        = {10.1145/102675.102676}
}

@book{emf,
  title={EMF: Eclipse Modeling Framework},
  author={Steinberg, Dave and Budinsky, Frank and Merks, Ed and Paternostro, Marcelo},
  year={2008},
  publisher={Pearson Education}
}

@standard{omg2013mof,
  added-at = {2013-02-22T22:42:18.000+0100},
  author = {OMG},
  biburl = {https://www.bibsonomy.org/bibtex/2560acdb5da52d47567ada7e823fd5cd1/porta},
  file = {omg2013mof.pdf:omg2013mof.pdf:PDF},
  institution = {Object Management Group},
  keywords = {mof omg standard},
  month = 6,
  organization = {Object Management Group},
  revision = {2.4.1},
  timestamp = {2014-03-28T13:20:38.000+0100},
  title = {{OMG Meta Object Facility (MOF) Core Specification, Version 2.4.1}},
  url = {http://www.omg.org/spec/MOF/2.4.1},
  year = 2013
}

@inproceedings{melanee,
  title={Flexible deep modeling with melanee},
  author={Atkinson, Colin and Gerbig, Ralph},
  year={2016},
  pages = {117--121},
  editor = {Betz, Stefanie AND Reimer, Ulrich},
  publisher={Gesellschaft f{\"u}r Informatik eV},
  isbn = {978-3-88579-649-7},
  url = {https://dl.gi.de/20.500.12116/843},
  booktitle = {Modellierung 2016 -- Workshopband}
}

@inproceedings{metadepth,
  title={Deep meta-modelling with metadepth},
  author={De Lara, Juan and Guerra, Esther},
  booktitle={International conference on modelling techniques and tools for computer performance evaluation},
  editor={Vitek, Jan},
  pages={1--20},
  year={2010},
  organization={Springer},
  isbn={978-3-642-13953-6},
  doi={10.1007/978-3-642-13953-6_1},
  url={https://doi.org/10.1007/978-3-642-13953-6_1}
}

 @misc{rss, title={Multi-level tools wiki}, url={https://homepages.ecs.vuw.ac.nz/Groups/MultiLevelModeling/MultiTools}, journal={RSS}} 
 
 @misc{multiTools,
  title = {{Multi-level Tools}},
  howpublished = {\url{https://homepages.ecs.vuw.ac.nz/Groups/MultiLevelModeling/MultiTools}},
	note = {Accessed: February 23$^{rd}$, 2022},
}

@inbook{typeObject,
author = {Johnson, Ralph and Woolf, Bobby},
title = {Type Object},
year = {1997},
isbn = {0201310112},
  chapter =      {4},
publisher = {Addison-Wesley Longman Publishing Co., Inc.},
address = {USA},
booktitle = {Pattern Languages of Program Design 3},
pages = {47–65},
numpages = {19}
}

@inproceedings{atkinson2005concepts,
  title={Concepts for comparing modeling tool architectures},
  author={Atkinson, Colin and K{\"u}hne, Thomas},
  booktitle={International Conference on Model Driven Engineering Languages and Systems},
  pages={398--413},
  year={2005},
  editor={Briand, Lionel and Williams, Clay},
  organization={Springer},
  isbn={978-3-540-32057-9},
  url={https://doi.org/10.1007/11557432_30},
  doi={10.1007/11557432_30}
}

@article{somogyi2021playground,
  title={Playground for multi-level modeling constructs},
  author={Somogyi, Ferenc A and Mezei, Gergely and Theisz, Zolt{\'a}n and B{\'a}csi, S{\'a}ndor and Palatinszky, D{\'a}niel},
  journal={Software and Systems Modeling},
  pages={1--36},
  year={2021},
  publisher={Springer},
  url      = {https://doi.org/10.1007/s10270-021-00900-2},
  doi = {10.1007/s10270-021-00900-2}
}

